<?xml version="1.0" encoding="UTF-8"?><collection xmlns="http://www.loc.gov/MARC21/slim"><record><leader>00385nam--2200133-i-4500</leader><controlfield tag="001">000044900</controlfield><controlfield tag="002">20161230</controlfield><controlfield tag="005">20161230201044</controlfield><controlfield tag="008">060222s1000------------r-----000-0-eng-d</controlfield><datafield ind1=" " ind2=" " tag="080"><subfield code="a">54(038)=20:801.323.1=20</subfield></datafield><datafield ind1=" " ind2=" " tag="100"><subfield code="a">Thorpe, J.F., Whiteley, M.A</subfield></datafield><datafield ind1=" " ind2=" " tag="245"><subfield code="a">Thorpe`s dictionary of applied chemistry</subfield></datafield><datafield ind1=" " ind2=" " tag="260"><subfield code="a">London, Longmans, Green And Co. Ltd., 1959, Xxvii + 703p</subfield></datafield><datafield ind1=" " ind2=" " tag="852"><subfield code="a">D.286</subfield></datafield></record></collection>